
@PHDTHESIS{naomi,
  author =       {N. Nickerson},
  title =        {Practical fault-tolerant quantum computing},
  school =       {Imperial College London},
  year =         {2015},
  month =        {December}
}

@ARTICLE{stace2009,
  author =       {T.M. Stace, S. D. Barrett, A. C. Doherty},
  title =        {Thresholds for Topological Codes in the Presence of
  Loss},
  journal =      {Physical Review Letters},
  year =         {2009},
  volume =       {102},
  number =       {20},
  pages =        {200501},
  month =        {May},
  doi =          {10.1103/PhysRevLett.102.200501}
}

@ARTICLE{stace2010,
  author =       {T. M. Stace, S. D. Barrett},
  title =        {Error correction and degeneracy in surface codes
  suffering loss},
  journal =      {Physical Review},
  year =         {2010},
  volume =       {81},
  pages =        {022317},
  month =        {February},
  doi =          {10.1103/PhysRevA.81.022317}
}

@ARTICLE{delfosse2017,
  author =       {N. Delfosse, G. Zemor},
  title =        {Linear-Time Maximum Likelihood Decoding of Surface Codes
  over the Quantum Erasure Channel},
  journal =      {Quantum Physics},
  year =         {2017},
  month =        {March},
  doi =          {arXiv:1703.01517v1}
}

@ARTICLE{nickerson2017,
  author =       {N. Delfosse, N. H. Nickerson},
  title =        {Almost-linear time decoding algorithm for topological
  codes},
  journal =      {Quantum Physics},
  year =         {2017},
  month =        {September},
  doi =          {arXiv:1709.06218v1}
}

@MASTERSTHESIS{nando,
  author =       {N. Leijenhorst},
  title =        {Quantum Error Correction, Decoders for the Toric Code},
  school =       {Delft University of Technology},
  year =         {2019},
  type =         {Bachelor Thesis},
  month =        {July},
  note =         {Applied Mathematics and Applied Physics BSc}
}

@ARTICLE{kitaev,
  author =       {A. Y. Kitaev},
  title =        {Fault-tolerant quantum computation by anyons},
  journal =      {Annals of PHysics},
  year =         {2003},
  month =        {January},
  volume =       {303},
  number =       {1},
  pages =        {2-30},
  doi =          {10.1016/S0003-4916(02)00018-0}}

@INCOLLECTION{browne,
  author =       {D. Browne},
  title =        {Lectures on TOpological Codes and Quantum COmputation},
  chapter =      {1-5},
  note =         {bit.do/topological},
  abstract =     {A short introductory lecture course on Topological Codes and Quantum Computation delivered at the University of Innsbruck in May and June 2014.},
}

@ARTICLE{chengyang,
  author =       {C. Wang, J. Harrington, J. Preskill},
  title =        {Confinement-Higgs transition in a disordered gauge theory and the accuracy threshold for quantum memory},
  journal =      {Annals of PHysics},
  year =         {2003},
  number =       {303},
  pages =        {31-58},
  month =        {September},
  doi =          {10.1016/S0003-4916(02)00019-2}
}

@ARTICLE{tarjan,
  author =      {R. E. Tarjan},
  title =       {Efficiency of a Good But Not Linear Set Union Algorithm},
  journal =     {Journal of the Association for Computing Machinery},
  year =        {1975},
  volume =      {22},
  number =      {2},
  pages =       {215-225},
  month =       {April}
}
