@article{dennis2002topological,
  title={Topological quantum memory},
  author={Dennis, Eric and Kitaev, Alexei and Landahl, Andrew and Preskill, John},
  journal={Journal of Mathematical Physics},
  volume={43},
  number={9},
  pages={4452--4505},
  year={2002},
  publisher={American Institute of Physics}
}

@article{kitaev2003fault, %kitaev
  title={Fault-tolerant quantum computation by anyons},
  author={Kitaev, A Yu},
  journal={Annals of Physics},
  volume={303},
  number={1},
  pages={2--30},
  year={2003},
  publisher={Elsevier}
}

@article{tarjan1975efficiency,
  title={Efficiency of a good but not linear set union algorithm},
  author={Tarjan, Robert Endre},
  journal={Journal of the ACM (JACM)},
  volume={22},
  number={2},
  pages={215--225},
  year={1975},
  publisher={ACM New York, NY, USA}
}

@article{kolmogorov2009blossom,
  title={Blossom V: a new implementation of a minimum cost perfect matching algorithm},
  author={Kolmogorov, Vladimir},
  journal={Mathematical Programming Computation},
  volume={1},
  number={1},
  pages={43--67},
  year={2009},
  publisher={Springer}
}

@article{delfosse2017linear,
  title={Linear-time maximum likelihood decoding of surface codes over the quantum erasure channel},
  author={Delfosse, Nicolas and Z{\'e}mor, Gilles},
  journal={arXiv preprint arXiv:1703.01517},
  year={2017}
}

@article{delfosse2017almost,
  title={Almost-linear time decoding algorithm for topological codes},
  author={Delfosse, Nicolas and Nickerson, Naomi H},
  journal={arXiv preprint arXiv:1709.06218},
  year={2017}
}

@article{bravyi2014efficient,
  title={Efficient algorithms for maximum likelihood decoding in the surface code},
  author={Bravyi, Sergey and Suchara, Martin and Vargo, Alexander},
  journal={Physical Review A},
  volume={90},
  number={3},
  pages={032326},
  year={2014},
  publisher={APS}
}


% Neural net decoders
@article{tuckett2018ultrahigh,
  title={Ultrahigh error threshold for surface codes with biased noise},
  author={Tuckett, David K and Bartlett, Stephen D and Flammia, Steven T},
  journal={Physical review letters},
  volume={120},
  number={5},
  pages={050505},
  year={2018},
  publisher={APS}
}

@article{torlai2017neural,
  title={Neural decoder for topological codes},
  author={Torlai, Giacomo and Melko, Roger G},
  journal={Physical review letters},
  volume={119},
  number={3},
  pages={030501},
  year={2017},
  publisher={APS}
}


@article{sweke2018reinforcement,
  title={Reinforcement learning decoders for fault-tolerant quantum computation},
  author={Sweke, Ryan and Kesselring, Markus S and van Nieuwenburg, Evert PL and Eisert, Jens},
  journal={arXiv preprint arXiv:1810.07207},
  year={2018}
}